<?xml version="1.0" encoding="UTF-8"?><record xmlns="http://www.loc.gov/MARC21/slim" xmlns:cinclude="http://apache.org/cocoon/include/1.0" xmlns:zs="http://www.loc.gov/zing/srw/">
  <leader>00901cz  a2200205n  4500</leader>
  <controlfield tag="001">n  97858725 </controlfield>
  <controlfield tag="003">DLC</controlfield>
  <controlfield tag="005">20120404074854.0</controlfield>
  <controlfield tag="008">971103n| acannaabn           a aad     c</controlfield>
  <datafield tag="010" ind1=" " ind2=" ">
    <subfield code="a">n  97858725 </subfield>
  </datafield>
  <datafield tag="035" ind1=" " ind2=" ">
    <subfield code="a">(NN-PD)NN 300209144</subfield>
  </datafield>
  <datafield tag="035" ind1=" " ind2=" ">
    <subfield code="a">(OCoLC)oca04505284</subfield>
  </datafield>
  <datafield tag="040" ind1=" " ind2=" ">
    <subfield code="a">NN-PD</subfield>
    <subfield code="b">eng</subfield>
    <subfield code="c">NN-PD</subfield>
    <subfield code="d">OCoLC</subfield>
    <subfield code="d">DLC</subfield>
  </datafield>
  <datafield tag="100" ind1="1" ind2=" ">
    <subfield code="a">Melita, Ursula</subfield>
  </datafield>
  <datafield tag="400" ind1="0" ind2=" ">
    <subfield code="a">Ursula Melita</subfield>
  </datafield>
  <datafield tag="400" ind1="1" ind2=" ">
    <subfield code="a">Heisman, Ursula Melita Hirschfeld</subfield>
  </datafield>
  <datafield tag="400" ind1="1" ind2=" ">
    <subfield code="a">Hirschfeld, Ursula Melita</subfield>
  </datafield>
  <datafield tag="667" ind1=" " ind2=" ">
    <subfield code="a">Data contributed by the Dance Heritage Coalition for the New York Public Library Dance Collection.</subfield>
  </datafield>
  <datafield tag="670" ind1=" " ind2=" ">
    <subfield code="a">*MGZA  Dance magazine.  Jan 1967, p 62.</subfield>
  </datafield>
  <datafield tag="670" ind1=" " ind2=" ">
    <subfield code="a">Philly.com, via WWW, Apr. 3, 2012</subfield>
    <subfield code="b">(Ursula Melita Hirschfeld Heisman; known as Ursula Melita; b. Ursula Melita Hirschfeld in Berlin; m. Allen Heisman; d. Apr. 1 [2012], Wynnewood [Pa.], at 93; directed Ballet des Jeunes in Bala Cynwyd, Moorestown, and Philadelphia)</subfield>
  </datafield>
</record>